@article{jeff2004,
  author    = {Jeffrey Dean and Sanjay Ghemawat
},
  title     = {MapReduce: Simplified Data Processing on Large Clusters},
  year      = {2004},
  url       = {https://static.googleusercontent.com/media/research.google.com/vi//archive/mapreduce-osdi04.pdf},
}

@article{lin2010,
  author    = {Jimmy Lin and Chris Dyer},
  title     = {Data-Intensive Text Processing
with MapReduce},
  year      = {2010},
  url       = {https://lintool.github.io/MapReduceAlgorithms/MapReduce-book-final.pdf},
}
